@inproceedings{web:1,
 author = {Liu, Jiawei and Xia, Chunqiu Steven and Wang, Yuyao and ZHANG, LINGMING},
 booktitle = {Advances in Neural Information Processing Systems},
 editor = {A. Oh and T. Naumann and A. Globerson and K. Saenko and M. Hardt and S. Levine},
 pages = {21558--21572},
 publisher = {Curran Associates, Inc.},
 title = {Is Your Code Generated by ChatGPT Really Correct? Rigorous Evaluation of Large Language Models for Code Generation},
 url = {https://proceedings.neurips.cc/paper_files/paper/2023/file/43e9d647ccd3e4b7b5baab53f0368686-Paper-Conference.pdf},
 volume = {36},
 year = {2023}
}
@misc{web:2,
      title={Evaluating Large Language Models Trained on Code}, 
      author={Mark Chen and Jerry Tworek and Heewoo Jun and Qiming Yuan and Henrique Ponde de Oliveira Pinto and Jared Kaplan and Harri Edwards and Yuri Burda and Nicholas Joseph and Greg Brockman and Alex Ray and Raul Puri and Gretchen Krueger and Michael Petrov and Heidy Khlaaf and Girish Sastry and Pamela Mishkin and Brooke Chan and Scott Gray and Nick Ryder and Mikhail Pavlov and Alethea Power and Lukasz Kaiser and Mohammad Bavarian and Clemens Winter and Philippe Tillet and Felipe Petroski Such and Dave Cummings and Matthias Plappert and Fotios Chantzis and Elizabeth Barnes and Ariel Herbert-Voss and William Hebgen Guss and Alex Nichol and Alex Paino and Nikolas Tezak and Jie Tang and Igor Babuschkin and Suchir Balaji and Shantanu Jain and William Saunders and Christopher Hesse and Andrew N. Carr and Jan Leike and Josh Achiam and Vedant Misra and Evan Morikawa and Alec Radford and Matthew Knight and Miles Brundage and Mira Murati and Katie Mayer and Peter Welinder and Bob McGrew and Dario Amodei and Sam McCandlish and Ilya Sutskever and Wojciech Zaremba},
      year={2021},
      eprint={2107.03374},
      archivePrefix={arXiv},
      primaryClass={cs.LG},
      url={https://arxiv.org/abs/2107.03374}, 
}
@misc{web:3,
     title = {HumanEval},
     author = {OpenAI},
     howpublished = {\url{https://github.com/openai/human-eval}},
     year = {2021},
}
@misc{web:4,
     title = {EvalPlus},
     author = {EvalPlus},
     howpublished = {\url{https://github.com/evalplus/evalplus}},
     year = {2021},
}
@misc{web:5,
      title={CodeGen: An Open Large Language Model for Code with Multi-Turn Program Synthesis}, 
      author={Erik Nijkamp and Bo Pang and Hiroaki Hayashi and Lifu Tu and Huan Wang and Yingbo Zhou and Silvio Savarese and Caiming Xiong},
      year={2023},
      eprint={2203.13474},
      archivePrefix={arXiv},
      primaryClass={cs.LG},
      url={https://arxiv.org/abs/2203.13474}, 
}
@misc{web:6,
      title={CodeT5: Identifier-aware Unified Pre-trained Encoder-Decoder Models for Code Understanding and Generation}, 
      author={Yue Wang and Weishi Wang and Shafiq Joty and Steven C. H. Hoi},
      year={2021},
      eprint={2109.00859},
      archivePrefix={arXiv},
      primaryClass={cs.CL},
      url={https://arxiv.org/abs/2109.00859}, 
}